@article{zaheri2020toxic,
  title={Toxic comment classification},
  author={Zaheri, Sara and Leath, Jeff and Stroud, David},
  journal={SMU Data Science Review},
  volume={3},
  number={1},
  pages={13},
  year={2020}
}

@article{van2018challenges,
  title={Challenges for toxic comment classification: An in-depth error analysis},
  author={Van Aken, Betty and Risch, Julian and Krestel, Ralf and L{\"o}ser, Alexander},
  journal={arXiv preprint arXiv:1809.07572},
  year={2018}
}
@misc{dataset,
  	title={Jigsaw Unintended Bias in Toxicity Classification},	
	author={Jigsaw/Conversation AI},
  howpublished = {\url{https://www.kaggle.com/competitions/jigsaw-unintended-bias-in-toxicity-classification}},
  note = {Accessed: July, 2022}
}

@article{ravi2019toxic,
  title={Toxic comment classification},
  author={Ravi, Pallam and Hari Narayana Batta, Greeshma S and Yaseen, Shaik},
  journal={International Journal of Trend in Scientific Research and Development (IJTSRD)},
  year={2019}
}

@misc{reimers2019sentencebert,
      title={Sentence-BERT: Sentence Embeddings using Siamese BERT-Networks}, 
      author={Nils Reimers and Iryna Gurevych},
      year={2019},
      eprint={1908.10084},
      archivePrefix={arXiv},
      primaryClass={cs.CL}
}